@inproceedings{raunak-etal-2020-long,
    title = "On Long-Tailed Phenomena in Neural Machine Translation",
    author = "Raunak, Vikas  and
      Dalmia, Siddharth  and
      Gupta, Vivek  and
      Metze, Florian",
    booktitle = "Findings of the Association for Computational Linguistics: EMNLP 2020",
    month = nov,
    year = "2020",
    address = "Online",
    publisher = "Association for Computational Linguistics",
    url = "https://www.aclweb.org/anthology/2020.findings-emnlp.276",
    doi = "10.18653/v1/2020.findings-emnlp.276",
    pages = "3088--3095",
}
@misc{cifair10,
    title = "CIFAR10 and CIFAR100 datasets",
    author = "Krizhevsky, Alex and et al.",
    address = "Online",
    publisher = "Association for Computational Linguistics"
}
@article{Krizhevsky2009,
    author = {Krizhevsky, Alex and Nair, Vinod and Hinton, Geoffrey},
    year = {2012},
    month = {05},
    pages = {},
    title = {Learning Multiple Layers of Features from Tiny Images},
    url = "https://www.cs.toronto.edu/~kriz/cifar.html",
    journal = {University of Toronto}
}

%%%%%%%%%%%%%%%%%%%%%%%%%%%%%%%%%%%%%%%%% my biblo: Introduction & Background
@book{ma_tang_2021, 
    place={Cambridge}, 
    title={Deep Learning on Graphs}, 
    DOI={10.1017/9781108924184}, 
    publisher={Cambridge University Press}, 
    author={Ma, Yao and Tang, Jiliang}, 
    year={2021}
}
@book{hamilton2020graph,
    title={Graph Representation Learning},
    author={Hamilton, W.L.},
    isbn={9781681739649},
    series={Synthesis Lectures on Artificial Intelligence and Machine Learning},
    url={https://books.google.it/books?id=Csj-DwAAQBAJ},
    year={2020},
    publisher={Morgan \& Claypool Publishers}
}
@article{Bronstein_2017,
	doi = {10.1109/msp.2017.2693418},
	url = {https://doi.org/10.1109%2Fmsp.2017.2693418},
	year = 2017,
	month = {7},
	publisher = {Institute of Electrical and Electronics Engineers ({IEEE})},
	volume = {34},
	number = {4},
	pages = {18--42},
	author = {Michael M. Bronstein and Joan Bruna and Yann LeCun and Arthur Szlam and Pierre Vandergheynst},
	title = {Geometric Deep Learning: Going beyond Euclidean data}, 
	journal = {{IEEE} Signal Processing Magazine}
}
@article{gnnModel2009,
    author={Scarselli, Franco and Gori, Marco and Tsoi, Ah Chung and Hagenbuchner, Markus and Monfardini, Gabriele},
    journal={IEEE Transactions on Neural Networks}, 
    title={The Graph Neural Network Model}, 
    year={2009},
    volume={20},
    number={1},
    pages={61-80},
    doi={10.1109/TNN.2008.2005605}
}
@article{stokes2020-688,
    title = {A Deep Learning Approach to Antibiotic Discovery},
    journal = {Cell},
    volume = {180},
    number = {4},
    pages = {688-702.e13},
    year = {2020},
    issn = {0092-8674},
    doi = {https://doi.org/10.1016/j.cell.2020.01.021},
    url = {https://www.sciencedirect.com/science/article/pii/S0092867420301021},
    author = {Jonathan M. Stokes and Kevin Yang and Kyle Swanson and Wengong Jin and Andres Cubillos-Ruiz and Nina M. Donghia and Craig R. MacNair and Shawn French and Lindsey A. Carfrae and Zohar Bloom-Ackermann and Victoria M. Tran and Anush Chiappino-Pepe and Ahmed H. Badran and Ian W. Andrews and Emma J. Chory and George M. Church and Eric D. Brown and Tommi S. Jaakkola and Regina Barzilay and James J. Collins},
    keywords = {antibiotics, antibiotic resistance, antibiotic tolerance, machine learning, drug discovery},
}
@article{sanchezgonzalez2020learning,
    title={Learning to Simulate Complex Physics with Graph Networks}, 
    author={Alvaro Sanchez-Gonzalez and Jonathan Godwin and Tobias Pfaff and Rex Ying and Jure Leskovec and Peter W. Battaglia},
    year={2020},
    eprint={2002.09405},
    archivePrefix={arXiv},
    primaryClass={cs.LG}
}
@article{monti2019fake,
    title={Fake News Detection on Social Media using Geometric Deep Learning}, 
    author={Federico Monti and Fabrizio Frasca and Davide Eynard and Damon Mannion and Michael M. Bronstein},
    year={2019},
    eprint={1902.06673},
    archivePrefix={arXiv},
    primaryClass={cs.SI}
}
@misc{eksombatchai2017pixie,
    title={Pixie: A System for Recommending 3+ Billion Items to 200+ Million Users in Real-Time}, 
    author={Chantat Eksombatchai and Pranav Jindal and Jerry Zitao Liu and Yuchen Liu and Rahul Sharma and Charles Sugnet and Mark Ulrich and Jure Leskovec},
    year={2017},
    eprint={1711.07601},
    archivePrefix={arXiv},
    primaryClass={cs.IR}
}
@article{doi:10.1021/acs.jmedchem.9b00959,
    author = {Xiong, Zhaoping and Wang, Dingyan and Liu, Xiaohong and Zhong, Feisheng and Wan, Xiaozhe and Li, Xutong and Li, Zhaojun and Luo, Xiaomin and Chen, Kaixian and Jiang, Hualiang and Zheng, Mingyue},
    title = {Pushing the Boundaries of Molecular Representation for Drug Discovery with the Graph Attention Mechanism},
    journal = {Journal of Medicinal Chemistry},
    volume = {63},
    number = {16},
    pages = {8749-8760},
    year = {2020},
    doi = {10.1021/acs.jmedchem.9b00959},
    note ={PMID: 31408336},
    URL = {https://doi.org/10.1021/acs.jmedchem.9b00959},
    eprint = {https://doi.org/10.1021/acs.jmedchem.9b00959}
}
@article{distilPub-sanchez-lengeling2021a,
    author = {Sanchez-Lengeling, Benjamin and Reif, Emily and Pearce, Adam and Wiltschko, Alexander B.},
    title = {A Gentle Introduction to Graph Neural Networks},
    journal = {Distill},
    year = {2021},
    note = {https://distill.pub/2021/gnn-intro},
    doi = {10.23915/distill.00033}
}
@book{wasserman_faust_1994, 
    place={Cambridge}, 
    series={Structural Analysis in the Social Sciences}, 
    title={Social Network Analysis in the Social and Behavioral Sciences}, 
    DOI={10.1017/CBO9780511815478.002}, 
    booktitle={Social Network Analysis: Methods and Applications}, 
    publisher={Cambridge University Press}, 
    author={Wasserman, Stanley and Faust, Katherine}, year={1994}, 
    pages={3–27}, 
    collection={Structural Analysis in the Social Sciences}
}
@book{patternRecognition-bishop,
    author = {Bishop, Christopher},
    year = {2006},
    month = {01},
    pages = {140-155},
    title = {Pattern Recognition and Machine Learning},
    volume = {16},
    journal = {Journal of Electronic Imaging},
    doi = {10.1117/1.2819119}
}
@book{Goodfellow-et-al-2016,
    title={Deep Learning},
    author={Ian Goodfellow and Yoshua Bengio and Aaron Courville},
    publisher={MIT Press},
    note={\url{http://www.deeplearningbook.org}},
    year={2016}
}
@article{zhou2021graph,
      title={Graph Neural Networks: A Review of Methods and Applications}, 
      author={Jie Zhou and Ganqu Cui and Shengding Hu and Zhengyan Zhang and Cheng Yang and Zhiyuan Liu and Lifeng Wang and Changcheng Li and Maosong Sun},
      year={2021},
      eprint={1812.08434},
      archivePrefix={arXiv},
      primaryClass={cs.LG}
}
@misc{KKMMN2016,
    title  = {Benchmark Data Sets for Graph Kernels},
    author = {Kristian Kersting and Nils M. Kriege and Christopher Morris and Petra Mutzel and Marion Neumann},
    year   = {2016},
    url    = {http://graphkernels.cs.tu-dortmund.de}
}
@article{mutag-doi:10.1021/jm00106a046,
    author = {Debnath, Asim Kumar and Lopez de Compadre, Rosa L. and Debnath, Gargi and Shusterman, Alan J. and Hansch, Corwin},
    title = {Structure-activity relationship of mutagenic aromatic and heteroaromatic nitro compounds. Correlation with molecular orbital energies and hydrophobicity},
    journal = {Journal of Medicinal Chemistry},
    volume = {34},
    number = {2},
    pages = {786-797},
    year = {1991},
    doi = {10.1021/jm00106a046},
    URL = {https://doi.org/10.1021/jm00106a046},
    eprint = {https://doi.org/10.1021/jm00106a046}
}
@article{veličković2018gat,
    title={Graph Attention Networks}, 
    author={Petar, Veličković and Guillem, Cucurull and Arantxa, Casanova and Adriana, Romero and Pietro, Liò and Yoshua, Bengio},
    year={2018},
    eprint={1710.10903},
    archivePrefix={arXiv},
    primaryClass={stat.ML}
}
@article{gazette_1987, 
    title={Graph theory 1736-1936, (Oxford University Press)}, 
    author={N.L.Biggs and E.K.Lloyd and R.J.Wilson},
    volume={71}, 
    DOI={10.1017/S0025557200108976}, 
    number={456}, 
    journal={The Mathematical Gazette}, 
    publisher={Cambridge University Press}, 
    year={1987}, 
    pages={177–177}
}
@article{Sylvester1878ChemistryAA,
    title={Chemistry and Algebra},
    author={James Sylvester},
    journal={Nature},
    year={1878},
    volume={17},
    pages={284-284},
    url={https://api.semanticscholar.org/CorpusID:26451061}
}
@book{tutte2001graph,
    title={Graph Theory},
    author={Tutte, W.T.},
    isbn={9780521794893},
    lccn={83012210},
    series={Cambridge Mathematical Library},
    url={https://books.google.it/books?id=uTGhooU37h4C},
    year={2001},
    publisher={Cambridge University Press}
}
@article{wang2021mthetgnn,
    title={MTHetGNN: A Heterogeneous Graph Embedding Framework for Multivariate Time Series Forecasting}, 
    author={Yueyang Wang and Ziheng Duan and Yida Huang and Haoyan Xu and Jie Feng and Anni Ren},
    year={2021},
    eprint={2008.08617},
    archivePrefix={arXiv},
    primaryClass={cs.LG}
}
@book{bondy2011graph,
    title={Graph Theory},
    author={Bondy and Murty},
    isbn={9781846289699},
    lccn={2007923502},
    series={Graduate Texts in Mathematics},
    url={https://books.google.it/books?id=HuDFMwZOwcsC},
    year={2011},
    publisher={Springer London}
}
@book{berge1976graphs,
    title={Graphs and Hypergraphs},
    author={Berge, C. and Minieka, E.},
    isbn={9780444111272},
    series={North-Holland mathematical library},
    url={https://books.google.it/books?id=S59iNAEACAAJ},
    year={1976},
    publisher={North-Holland Publishing Company}
}
@book{diestel2017graph,
    title={Graph Theory},
    author={Diestel, R.},
    isbn={9783662536216},
    lccn={2017936668},
    series={Graduate Texts in Mathematics},
    url={https://books.google.it/books?id=FY5BvgAACAAJ},
    year={2017},
    publisher={Springer Berlin Heidelberg}
}
@book{griffin2023applied,
    title={Applied Graph Theory: An Introduction With Graph Optimization And Algebraic Graph Theory},
    author={Griffin, C.H.},
    isbn={9789811273124},
    url={https://books.google.it/books?id=wIrVEAAAQBAJ},
    year={2023},
    publisher={World Scientific Publishing Company}
}
@article{LeCun2015DeepL,
    title={Deep Learning},
    author={Yann LeCun and Yoshua Bengio and Geoffrey E. Hinton},
    journal={Nature},
    year={2015},
    volume={521},
    pages={436-444},
    url={https://api.semanticscholar.org/CorpusID:3074096}
}
@article{TEAlab2018334,
    title = {Time series forecasting using artificial neural networks methodologies: A systematic review},
    journal = {Future Computing and Informatics Journal},
    volume = {3},
    number = {2},
    pages = {334-340},
    year = {2018},
    issn = {2314-7288},
    doi = {https://doi.org/10.1016/j.fcij.2018.10.003},
    url = {https://www.sciencedirect.com/science/article/pii/S2314728817300715},
    author = {Ahmed Tealab},
    keywords = {Forecasting, Nonlinear time series, Neural networks, Moving averages}
}
@article{Frasconi1998,
    author={Frasconi, P. and Gori, M. and Sperduti, A.},
    journal={IEEE Transactions on Neural Networks}, 
    title={A general framework for adaptive processing of data structures}, 
    year={1998},
    volume={9},
    number={5},
    pages={768-786},
    doi={10.1109/72.712151}
}
@article{Sperduti1997,
    author={Sperduti, A. and Starita, A.},
    journal={IEEE Transactions on Neural Networks}, 
    title={Supervised neural networks for the classification of structures}, 
    year={1997},
    volume={8},
    number={3},
    pages={714-735},
    doi={10.1109/72.572108}
}
@article{Micheli2009,
    author={Micheli, Alessio},
    journal={IEEE Triansactions on Neural Networks}, 
    title={Neural Network for Graphs: A Contextual Constructive Approach}, 
    year={2009},
    volume={20},
    number={3},
    pages={498-511},
    doi={10.1109/TNN.2008.2010350}
}
@inproceedings{nips17,
    title = {NIPS'17: Proceedings of the 31st International Conference on Neural Information Processing Systems},
    year = {2017},
    isbn = {9781510860964},
    publisher = {Curran Associates Inc.},
    address = {Red Hook, NY, USA},
    location = {Long Beach, California, USA}
}
@article{jégou2017layers,
    title={The One Hundred Layers Tiramisu: Fully Convolutional DenseNets for Semantic Segmentation}, 
    author={Simon Jégou and Michal Drozdzal and David Vazquez and Adriana Romero and Yoshua Bengio},
    year={2017},
    eprint={1611.09326},
    archivePrefix={arXiv},
    primaryClass={cs.CV}
}
@article{gehring2017convolutional,
    title={A Convolutional Encoder Model for Neural Machine Translation}, 
    author={Jonas Gehring and Michael Auli and David Grangier and Yann N. Dauphin},
    year={2017},
    eprint={1611.02344},
    archivePrefix={arXiv},
    primaryClass={cs.CL}
}
@inproceedings{pmlr-v80-sanchez-gonzalez18a,
    title = 	 {Graph Networks as Learnable Physics Engines for Inference and Control},
    author =       {Sanchez-Gonzalez, Alvaro and Heess, Nicolas and Springenberg, Jost Tobias and Merel, Josh and Riedmiller, Martin and Hadsell, Raia and Battaglia, Peter},
    booktitle = 	 {Proceedings of the 35th International Conference on Machine Learning},
    pages = 	 {4470--4479},
    year = 	 {2018},
    editor = 	 {Dy, Jennifer and Krause, Andreas},
    volume = 	 {80},
    series = 	 {Proceedings of Machine Learning Research},
    month = 	 {7},
    publisher =    {PMLR},
    pdf = 	 {http://proceedings.mlr.press/v80/sanchez-gonzalez18a/sanchez-gonzalez18a.pdf},
    url = 	 {https://proceedings.mlr.press/v80/sanchez-gonzalez18a.html}
}
@article{Wu_Lian_Xu_Wu_Chen_2020, 
    title={Graph Convolutional Networks with Markov Random Field Reasoning for Social Spammer Detection}, 
    volume={34}, 
    url={https://ojs.aaai.org/index.php/AAAI/article/view/5455}, 
    DOI={10.1609/aaai.v34i01.5455}, 
    number={01}, 
    journal={Proceedings of the AAAI Conference on Artificial Intelligence}, 
    author={Wu, Yongji and Lian, Defu and Xu, Yiheng and Wu, Le and Chen, Enhong}, 
    year={2020}, 
    month={4}, 
    pages={1054-1061} 
}
@inproceedings{nips2017_PPI,
    author = {Fout, Alex and Byrd, Jonathon and Shariat, Basir and Ben-Hur, Asa},
    booktitle = {Advances in Neural Information Processing Systems},
    editor = {I. Guyon and U. Von Luxburg and S. Bengio and H. Wallach and R. Fergus and S. Vishwanathan and R. Garnett},
    pages = {},
    publisher = {Curran Associates, Inc.},
    title = {Protein Interface Prediction using Graph Convolutional Networks},
    url = {https://proceedings.neurips.cc/paper_files/paper/2017/file/f507783927f2ec2737ba40afbd17efb5-Paper.pdf},
    volume = {30},
    year = {2017}
}
@inproceedings{nips2017_combOpt,
    author = {Khalil, Elias and Dai, Hanjun and Zhang, Yuyu and Dilkina, Bistra and Song, Le},
    booktitle = {Advances in Neural Information Processing Systems},
    editor = {I. Guyon and U. Von Luxburg and S. Bengio and H. Wallach and R. Fergus and S. Vishwanathan and R. Garnett},
    pages = {},
    publisher = {Curran Associates, Inc.},
    title = {Learning Combinatorial Optimization Algorithms over Graphs},
    url = {https://proceedings.neurips.cc/paper_files/paper/2017/file/d9896106ca98d3d05b8cbdf4fd8b13a1-Paper.pdf},
    volume = {30},
    year = {2017}
}
@inproceedings{ijcai2017p250,
    author    = {Takuo Hamaguchi and Hidekazu Oiwa and Masashi Shimbo and Yuji Matsumoto},
    title     = {Knowledge Transfer for Out-of-Knowledge-Base Entities : A Graph Neural Network Approach},
    booktitle = {Proceedings of the Twenty-Sixth International Joint Conference on
               Artificial Intelligence, {IJCAI-17}},
    pages     = {1802--1808},
    year      = {2017},
    doi       = {10.24963/ijcai.2017/250},
    url       = {https://doi.org/10.24963/ijcai.2017/250},
}
@book{venkatesan2017convolutional,
    title={Convolutional Neural Networks in Visual Computing: A Concise Guide},
    author={Venkatesan, R. and Li, B.},
    isbn={9781351650328},
    series={Data-Enabled Engineering},
    url={https://books.google.it/books?id=bAM7DwAAQBAJ},
    year={2017},
    publisher={CRC Press}
}
@ARTICLE{Lecun1998cnn,
    author={Lecun, Y. and Bottou, L. and Bengio, Y. and Haffner, P.},
    journal={Proceedings of the IEEE}, 
    title={Gradient-based learning applied to document recognition}, 
    year={1998},
    volume={86},
    number={11},
    pages={2278-2324},
    doi={10.1109/5.726791}
}
@inproceedings{Gori2005graphDomain,
    author={Gori, M. and Monfardini, G. and Scarselli, F.},
    booktitle={Proceedings. 2005 IEEE International Joint Conference on Neural Networks, 2005.}, 
    title={A new model for learning in graph domains}, 
    year={2005},
    volume={2},
    number={},
    pages={729-734 vol. 2},
    doi={10.1109/IJCNN.2005.1555942}
}
@inproceedings{Vasilescu2009AM,
    title={A Multilinear (Tensor) Algebraic Framework for Computer Graphics, Computer Vision and Machine Learning},
    author={M. Alex O. Vasilescu},
    year={2009},
    url={https://api.semanticscholar.org/CorpusID:125442900}
}
@inproceedings{konect2013,
    author = {Kunegis, J\'{e}r\^{o}me},
    title = {KONECT: The Koblenz Network Collection},
    year = {2013},
    isbn = {9781450320382},
    publisher = {Association for Computing Machinery},
    address = {New York, NY, USA},
    url = {https://doi.org/10.1145/2487788.2488173},
    doi = {10.1145/2487788.2488173},
    booktitle = {Proceedings of the 22nd International Conference on World Wide Web},
    pages = {1343–1350},
    numpages = {8},
    keywords = {web observatory, network analysis},
    location = {Rio de Janeiro, Brazil},
    series = {WWW '13 Companion}
}      
@book{cormen2022introduction,
    title={Introduction to Algorithms, fourth edition},
    author={Cormen, T.H. and Leiserson, C.E. and Rivest, R.L. and Stein, C.},
    isbn={9780262367509},
    url={https://books.google.it/books?id=RSMuEAAAQBAJ},
    year={2022},
    publisher={MIT Press}
}
@article{Ji_2022,
	doi = {10.1109/tnnls.2021.3070843},
	url = {https://doi.org/10.1109%2Ftnnls.2021.3070843},
	year = 2022,
	month = {feb},
	publisher = {Institute of Electrical and Electronics Engineers ({IEEE})},
	volume = {33},
	number = {2},
	pages = {494--514},
	author = {Shaoxiong Ji and Shirui Pan and Erik Cambria and Pekka Marttinen and Philip S. Yu},
	title = {A Survey on Knowledge Graphs: Representation, Acquisition, and Applications}, 
	journal = {{IEEE} Transactions on Neural Networks and Learning Systems}
}
@article{mena2018learning,
    title={Learning Latent Permutations with Gumbel-Sinkhorn Networks}, 
    author={Gonzalo Mena and David Belanger and Scott Linderman and Jasper Snoek},
    year={2018},
    eprint={1802.08665},
    archivePrefix={arXiv},
    primaryClass={stat.ML}
}
@article{murphy2019janossy,
    title={Janossy Pooling: Learning Deep Permutation-Invariant Functions for Variable-Size Inputs}, 
    author={Ryan L. Murphy and Balasubramaniam Srinivasan and Vinayak Rao and Bruno Ribeiro},
    year={2019},
    eprint={1811.01900},
    archivePrefix={arXiv},
    primaryClass={cs.LG}
}






%%%%%%%%%%%%%%%%%%%%%%%%%%%%%%%%%%%%%%%%% my biblo: CFPGExplainer
@article{ying2019gnnexplainer,
    title={GNNExplainer: Generating Explanations for Graph Neural Networks}, 
    author={Rex Ying and Dylan Bourgeois and Jiaxuan You and Marinka Zitnik and Jure Leskovec},
    year={2019},
    eprint={1903.03894},
    archivePrefix={arXiv},
    primaryClass={cs.LG}
}

@article{niculae2023discrete,
    title={Discrete Latent Structure in Neural Networks}, 
    author={Vlad Niculae and Caio F. Corro and Nikita Nangia and Tsvetomila Mihaylova and André F. T. Martins},
    year={2023},
    eprint={2301.07473},
    archivePrefix={arXiv},
    primaryClass={cs.LG}
}
