@inproceedings{raunak-etal-2020-long,
    title = "On Long-Tailed Phenomena in Neural Machine Translation",
    author = "Raunak, Vikas  and
      Dalmia, Siddharth  and
      Gupta, Vivek  and
      Metze, Florian",
    booktitle = "Findings of the Association for Computational Linguistics: EMNLP 2020",
    month = nov,
    year = "2020",
    address = "Online",
    publisher = "Association for Computational Linguistics",
    url = "https://www.aclweb.org/anthology/2020.findings-emnlp.276",
    doi = "10.18653/v1/2020.findings-emnlp.276",
    pages = "3088--3095",
}
@misc{cifair10,
    title = "CIFAR10 and CIFAR100 datasets",
    author = "Krizhevsky, Alex and et al.",
    address = "Online",
    publisher = "Association for Computational Linguistics"
}
@article{Krizhevsky2009,
    author = {Krizhevsky, Alex and Nair, Vinod and Hinton, Geoffrey},
    year = {2012},
    month = {05},
    pages = {},
    title = {Learning Multiple Layers of Features from Tiny Images},
    url = "https://www.cs.toronto.edu/~kriz/cifar.html",
    journal = {University of Toronto}
}

%%%%%%%%%%%%%%%%%%%%%%%%%%%%%%%%%%%%%%%%% my biblo: Introduction & Background
@book{ma_tang_2021, 
    place={Cambridge}, 
    title={Deep Learning on Graphs}, 
    DOI={10.1017/9781108924184}, 
    publisher={Cambridge University Press}, 
    author={Ma, Yao and Tang, Jiliang}, 
    year={2021}
}

@book{hamilton2020graph,
    title={Graph Representation Learning},
    author={Hamilton, W.L.},
    isbn={9781681739649},
    series={Synthesis Lectures on Artificial Intelligence and Machine Learning},
    url={https://books.google.it/books?id=Csj-DwAAQBAJ},
    year={2020},
    publisher={Morgan \& Claypool Publishers}
}

@article{Bronstein_2017,
	doi = {10.1109/msp.2017.2693418},
	url = {https://doi.org/10.1109%2Fmsp.2017.2693418},
	year = 2017,
	month = {jul},
	publisher = {Institute of Electrical and Electronics Engineers ({IEEE})},
	volume = {34},
	number = {4},
	pages = {18--42},
	author = {Michael M. Bronstein and Joan Bruna and Yann LeCun and Arthur Szlam and Pierre Vandergheynst},
	title = {Geometric Deep Learning: Going beyond Euclidean data}, 
	journal = {{IEEE} Signal Processing Magazine}
}
@article{gnnModel2009,
    author={Scarselli, Franco and Gori, Marco and Tsoi, Ah Chung and Hagenbuchner, Markus and Monfardini, Gabriele},
    journal={IEEE Transactions on Neural Networks}, 
    title={The Graph Neural Network Model}, 
    year={2009},
    volume={20},
    number={1},
    pages={61-80},
    doi={10.1109/TNN.2008.2005605}
}
@article{stokes2020-688,
    title = {A Deep Learning Approach to Antibiotic Discovery},
    journal = {Cell},
    volume = {180},
    number = {4},
    pages = {688-702.e13},
    year = {2020},
    issn = {0092-8674},
    doi = {https://doi.org/10.1016/j.cell.2020.01.021},
    url = {https://www.sciencedirect.com/science/article/pii/S0092867420301021},
    author = {Jonathan M. Stokes and Kevin Yang and Kyle Swanson and Wengong Jin and Andres Cubillos-Ruiz and Nina M. Donghia and Craig R. MacNair and Shawn French and Lindsey A. Carfrae and Zohar Bloom-Ackermann and Victoria M. Tran and Anush Chiappino-Pepe and Ahmed H. Badran and Ian W. Andrews and Emma J. Chory and George M. Church and Eric D. Brown and Tommi S. Jaakkola and Regina Barzilay and James J. Collins},
    keywords = {antibiotics, antibiotic resistance, antibiotic tolerance, machine learning, drug discovery},
}
@article{sanchezgonzalez2020learning,
    title={Learning to Simulate Complex Physics with Graph Networks}, 
    author={Alvaro Sanchez-Gonzalez and Jonathan Godwin and Tobias Pfaff and Rex Ying and Jure Leskovec and Peter W. Battaglia},
    year={2020},
    eprint={2002.09405},
    archivePrefix={arXiv},
    primaryClass={cs.LG}
}
@article{monti2019fake,
    title={Fake News Detection on Social Media using Geometric Deep Learning}, 
    author={Federico Monti and Fabrizio Frasca and Davide Eynard and Damon Mannion and Michael M. Bronstein},
    year={2019},
    eprint={1902.06673},
    archivePrefix={arXiv},
    primaryClass={cs.SI}
}
@misc{eksombatchai2017pixie,
    title={Pixie: A System for Recommending 3+ Billion Items to 200+ Million Users in Real-Time}, 
    author={Chantat Eksombatchai and Pranav Jindal and Jerry Zitao Liu and Yuchen Liu and Rahul Sharma and Charles Sugnet and Mark Ulrich and Jure Leskovec},
    year={2017},
    eprint={1711.07601},
    archivePrefix={arXiv},
    primaryClass={cs.IR}
}
@article{doi:10.1021/acs.jmedchem.9b00959,
    author = {Xiong, Zhaoping and Wang, Dingyan and Liu, Xiaohong and Zhong, Feisheng and Wan, Xiaozhe and Li, Xutong and Li, Zhaojun and Luo, Xiaomin and Chen, Kaixian and Jiang, Hualiang and Zheng, Mingyue},
    title = {Pushing the Boundaries of Molecular Representation for Drug Discovery with the Graph Attention Mechanism},
    journal = {Journal of Medicinal Chemistry},
    volume = {63},
    number = {16},
    pages = {8749-8760},
    year = {2020},
    doi = {10.1021/acs.jmedchem.9b00959},
    note ={PMID: 31408336},
    URL = {https://doi.org/10.1021/acs.jmedchem.9b00959},
    eprint = {https://doi.org/10.1021/acs.jmedchem.9b00959}
}
@book{cormen2022introduction,
    title={Introduction to Algorithms, fourth edition},
    author={Cormen, T.H. and Leiserson, C.E. and Rivest, R.L. and Stein, C.},
    isbn={9780262367509},
    url={https://books.google.it/books?id=RSMuEAAAQBAJ},
    year={2022},
    publisher={MIT Press}
}


%%%%%%%%%%%%%%%%%%%%%%%%%%%%%%%%%%%%%%%%% my biblo: CFPGExplainer
@article{ying2019gnnexplainer,
    title={GNNExplainer: Generating Explanations for Graph Neural Networks}, 
    author={Rex Ying and Dylan Bourgeois and Jiaxuan You and Marinka Zitnik and Jure Leskovec},
    year={2019},
    eprint={1903.03894},
    archivePrefix={arXiv},
    primaryClass={cs.LG}
}

@article{niculae2023discrete,
    title={Discrete Latent Structure in Neural Networks}, 
    author={Vlad Niculae and Caio F. Corro and Nikita Nangia and Tsvetomila Mihaylova and Andr√© F. T. Martins},
    year={2023},
    eprint={2301.07473},
    archivePrefix={arXiv},
    primaryClass={cs.LG}
}
